@misc{heroux2015,
author = "Heroux, Michael",
title = "Making representative apps represent apps",
howpublished = "\url{https://press3.mcs.anl.gov//hepfce/files/2015/10/HerouxWRApKeynote.pdf}",
day = "8",
month = "Septembre",
year = "2015",
note = "[En ligne, consulté le 17/05/2020]"
}


@article{lin2015,
author = {Lin, Paul and Heroux, Michael and Barrett, Richard and Williams, Alan},
year = {2015},
month = {08},
pages = {},
title = {Assessing a Mini-application as a Performance Proxy for a Finite Element Method Engineering Application},
journal = {Concurrency and Computation: Practice and Experience},
doi = {10.1002/cpe.3587}
}

@article{martineau2015,
author = {Martineau, Matthew and McIntosh-Smith, Simon and Boulton, Mike and Gaudin, Wayne and Beckingsale, David},
year = {2015},
month = {11},
pages = {},
title = {A Performance Evaluation of Kokkos \& RAJA using the TeaLeaf Mini-App}
}

@article{sandia2009,
author = {Heroux, Michael and Edwards, H. Carter and Numrich, Robert},
title = {Improving Performance via Mini-applications},
year = {2009},
month = {September},
journal = {Sandia {N}ational {L}aboratories report},
pages = {40}
}


@misc{exascale-proxy,
author = "Exascale {C}omputing {P}roject",
title = "{ECP} {P}roxy {A}pplications : the online collection for exascale applications",
howpublished = "\url{https://proxyapps.exascaleproject.org/}",
note = "[En ligne, consulté le 17/05/2020]"
}

@misc{ceed-miniapp,
author = "Center for {E}fficient {E}xascale {D}iscretizations",
title = "{CEED} {M}iniapps",
howpublished = "\url{https://ceed.exascaleproject.org/miniapps/}",
note = "[En ligne, consulté le 17/05/2020]"
}

@article{barrett2012,
author = {Barrett, Richard and Heroux, Michael and Vaughan, Courtenay},
year = {2012},
month = {01},
pages = {},
title = {MiniGhost : a miniapp for exploring boundary exchange strategies using stencil computations in scientific parallel computing},
doi = {10.2172/1039405}
}

@misc{minife-benchmark,
author = "{HPC} {A}dvisory {C}ouncil",
title = "Mini{FE} {P}erformance benchmark and profiling",
howpublished = "\url{https://www.hpcadvisorycouncil.com/pdf/miniFE_Analysis_and_Profiling.pdf}",
note = "[En ligne, consulté le 17/05/2020]"
}

@misc{wu2015research,
title={The Research and Optimization of Parallel Finite Element Algorithm based on MiniFE}, 
author={Meng Wu and Can Yang and Taoran Xiang and Daning Cheng},
year={2015},
eprint={1505.08023},
archivePrefix={arXiv},
primaryClass={cs.DC}
}

